<?xml version="1.0" encoding="UTF-8"?><collection xmlns="http://www.loc.gov/MARC21/slim"><record><leader>00380nam--2200133-i-4500</leader><controlfield tag="001">000046958</controlfield><controlfield tag="002">20161230</controlfield><controlfield tag="005">20161230201046</controlfield><controlfield tag="008">060222s1000------------r-----000-0-eng-d</controlfield><datafield ind1=" " ind2=" " tag="080"><subfield code="a">621.382:621.382.3</subfield></datafield><datafield ind1=" " ind2=" " tag="100"><subfield code="a">Watson, J</subfield></datafield><datafield ind1=" " ind2=" " tag="245"><subfield code="a">Semiconductor circuit design for a.f.and d.c.amplification and switching</subfield></datafield><datafield ind1=" " ind2=" " tag="260"><subfield code="a">London, Hilger &amp; Watts Ltd., 1966, Xiv+318p</subfield></datafield><datafield ind1=" " ind2=" " tag="852"><subfield code="a">25978</subfield></datafield></record></collection>